% ATRICLES


% BOOKS
@book{bellomo,
  title = "Fisica degli acceleratori",
  author = "Giovanni Bellomo",
  year = 2020,
}

% WWW
@misc{cyclotrons,
  author = "Mike Seidel",
  title = "Cyclotrons",
  year = "2019",
  url = "https://cas.web.cern.ch/sites/default/files/CAS_Cyclotrons_I.pdf",
  institution = "CERN accelerator school",
}
