% ATRICLES
@article{critical-temp,
	author = {Kruchinin, Sergei},
	year = {2014},
	month = {02},
	pages = {1-22},
	title = {Physics of High-TcSuperconductors},
	volume = {2},
	journal = {Reviews in Theoretical Science},
	doi = {10.1166/rits.2014.1018}
}

% BOOKS
@book{quantum-springer,
    author = {Fujita Shigeji, Ito Kei, Godoy Salvador},
    year = {2009},
    title = {Quantum Theory of Conducting Matter},
    publisher = {Springer publishing},
    pages = {15-27},
    isbn = {978-0-387-88211-6}
}

% WWW
@misc{maglev,
	author = {},
	title = {How maglev works},
	year = {2016},
	institution = {Brookhaven national laboratory (BNL)},
	key = {maglevNoAuthor}
}

@misc{cooper-cambridge,
	author = {},
	title = {Cooper pairs},
	year = {2000},
	institution = {University of Cambridge},
	key = {cooperCambrdige},
}

@misc{bcs-cambridge,
	author = {},
	title = {BCS theory},
	year = {2000},
	institution = {University of Cambridge},
	key = {bcsCambrdige},
}
