% ATRICLES
@article{mar-hanalysis,
	author = {Samuele Mariotto, Sorbi Massimo},
	year = {2021},
	month = {11},
	pages = {},
	title = {Quench position reconstruction through harmonic field analysis
	         in superconducting magnets},
	volume = {35},
	journal = {Superconductor Science and Technology},
	doi = {10.1088/1361-6668/ac39e8},
}

@article{mar-hocm,
	author = {Mariotto Samuele, De Matteis Ernesto, Prioli Marco, Sorbi
	          Massimo, Statera Marco, Valente Riccardo Umberto},
	journal = {IEEE Transactions on Applied Superconductivity},
	title = {Quench Localization in the High Order Corrector Magnets Using
	         the Harmonic Field Method},
	year = {2022},
	volume = {32},
	number = {4},
	pages = {1-5},
	keywords = {Superconducting magnets;Magnetic moments;Harmonic
	            analysis;Superconducting coils;Production;Iron;Analytical
	            models;Accelerator magnets: dipoles;correctors;magnetic field
	            quality;quadrupoles;quench;superconducting magnets},
	doi = {10.1109/TASC.2022.3158626},
}



% WWW
@misc{magnets,
	author = {Thomas Zickler},
	title = {Normal-Conducting and Permanent Magnets},
	year = {2018},
	institution = {CERN accelerator school},
}

@misc{lhc-field,
	key = {LhcMagneticField},
	title = {Pulling together: Superconducting electromagnets},
	institution = {CERN},
}

@misc{quench-pres,
	author = {Herman ten Kate},
	title = {Superconducting Magnets Quench Propagation and Protection},
	year = {2013},
	institution = {CERN accelerator school},
	location = {Erice},
}
